@online{stevejobs_pwa,
    title = {Steve Jobs introducing PWA in 2007},
    author = {Ramonak},
    url = {https://www.youtube.com/watch?v=QvQ9JNm_qWc},
    note = {22 Oct 2019. Accessed on: 13 Feb 2021},
}

@online{stevejobs_appstore,
    title = {Steve Jobs introduces the App store - iPhone SDK Keynote},
    author = {gamingandtechnology},
    url = {https://www.youtube.com/watch?v=xo9cKe_Fch8},
    note = {14 Mar 2008. Accessed on: 4 Mar 2021},
}

@online{russel_pwa,
    author = {{A. Russell}},
    title = {Progressive Web Apps: Escaping Tabs Without Losing Our Soul},
    year = 2015,
    month = Jun,
    url = {https://infrequently.org/2015/06/progressive-apps-escaping-tabs-without-losing-our-soul/},
    addendum = {[accessed 14 Feb 2021]},
}

@online{whatwebcando,
    author = {{A. Bar}},
    title = {What Web Can Do Today},
    url = {https://whatwebcando.today/},
    addendum = {[accessed 14 Feb 2021]},
}

@online{casestudies_mia,
    author = {{Mia}},
    title = {Progressive Web Apps (PWA): Top 3 Case Studies},
    year = 2019,
    month = Jun,
    url = {https://www.simicart.com/blog/pwa-case-studies/},
    addendum = {[accessed 15 Feb 2021]},
}

@online{futureofweb_claim1,
    author = {Intersog},
    title = {Is a Progressive Web App the Future of Multi-Platform Mobile Development?},
    year = 2020,
    month = Aug,
    url = {https://intersog.com/blog/is-progressive-web-app-pwa-the-future-of-multi-platform-development},
    addendum = {[accessed 1 May 2021]},
}

@thesis{thesis_steczko,
    author = "J. Steczko",
    title = "Analysis of companies’ experience with cross-platform development compared to native development for mobile devices",
    school = "Dept. of Comp. Science, Linnaeus University",
    address = "Växjö, Sweden",
    type = "B.S. Thesis",
    year = "2016",
    url = {http://www.diva-portal.org/smash/record.jsf?pid=diva2%3A945760},
}

@online{whatarepwas,
    author = {{S. Richard, P. LePage}},
    title = {What are Progressive Web Apps?},
    year = 2020,
    month = Feb,
    url = {https://web.dev/what-are-pwas/},
    addendum = {[accessed 7 Mar 2021]},
}

@thesis{thesis_pwa_2017,
    author = "J, Sedkowska",
    title = "How does the user experience of a progressive web application compare to native application?: A case study on user's attitude in context of social media",
    school = "Dept. of Comp. Science, Linnaeus University",
    address = "Växjö, Sweden",
    type = "B.S. Thesis",
    year = "2017",
    url = {http://www.diva-portal.org/smash/record.jsf?pid=diva2%3A1105475},
}

@online{casestudies_google_1,
    author = {Google},
    title = {Nikkei achieves a new level of quality and performance with their multi-page PWA},
    year = 2018,
    month = Nov,
    url = {https://developers.google.com/web/showcase/2018/nikkei},
    addendum = {[accessed 6 Mar 2021]},
}

@online{casestudies_google_2,
    author = {Goog1e},
    title = {George.com enhances the mobile customer experience with new Progressive Web App},
    year = 2018,
    month = Feb,
    url = {https://developers.google.com/web/showcase/2018/asda-george },
    addendum = {[accessed 6 Mar 2021]},
}

@article{realize_native_with_pwa,
    author = {P. Thacker and D. Dharani},
    title = {Realization of native apps using {P}rogressive {W}eb {A}pps},
    year = 2020,
    journal = {JETIR},
    volume = 7,
    pages = {774-782}
}

@InProceedings{pwa_definite_approach,
    title={{Progressive {W}eb {A}pps: the {D}efinite {A}pproach to {C}ross-{P}latform {D}evelopment?}},
    booktitle={{HICSS}},
    author={A. Bi{\o}rn-Hansen and T. A. Majchrzak and T. Gr{\o}nli},
    pages = {5735-5744},
    year={2018}
}

@thesis{thesis_sverige,
    author = "V. Gustafsson and M. Olsson",
    title = "Progressiva webbapplikationer: En analys av erfarenheter och omfattning av tekniken i Sverige",
    school = "Dept. of Comp. Science and Media Tech., Linnaeus University",
    address = "Växjö, Sweden",
    type = "B.S. Thesis",
    year = "2020",
    url = {http://www.diva-portal.org/smash/record.jsf?pid=diva2%3A1446696},
}

@thesis{thesis_pwa_ux,
    author = "J, Sedkowska",
    title = "How does the user experience of a progressive web application compare to native application?: A case study on user's attitude in context of social media",
    school = "Sch. of Eng., Jönköping University",
    address = "Jönköping, Sweden",
    type = "B.S. Thesis",
    year = "2020",
    url = {https://www.diva-portal.org/smash/record.jsf?pid=diva2%3A1455626},
}

@online{search_engine_stats,
    author = {StatCounter},
    title = {Search Engine Market Share Worldwide},
    year = 2020,
    url = {https://gs.statcounter.com/search-engine-market-share/all/worldwide/2020},
    addendum = {[accessed 28 Mar 2021]},
}

@article{crossplatform_taxonomy,
    author = {W. S. El-Kassas and B. A. Abdullah and A. H. Yousef and A. M. Wahba},
    title = {Taxonomy of {C}ross-{P}latform {M}obile {A}pplications
{D}evelopment {A}pproaches},
    year = 2017,
    journal = {Ain Shams Engineering Journal},
    volume = 8,
    pages = {163-190}
}

@InProceedings{comp_mobile_apps_crossplatform,
    title={{Component-based mobile web application of cross-platform}},
    booktitle={{2010 10th IEEE International Conference on Computer and Information Technology}},
    author={B. Pan and K. Xiao and L. Luo},
    pages = {5735-5744},
    year={2010}
}

@article{dawning_of_pwa,
    author = {O. Adetunji and C. Ajaegbu and N. Otuneme and O. J. Omotosho},
    title = {Dawning of {P}rogressive {W}eb {A}pplications ({PWA}): {E}dging {O}ut the {P}itfalls of {T}raditional {M}obile {D}evelopment},
    year = 2020,
    journal = {ASRJETS},
    volume = 68,
    pages = {85-99}
}

@article{pwa_in_modern_webdeb,
    author = {V. S. Magomadov},
    title = {Exploring the role of progressive web applications in modern web development},
    year = 2020,
    journal = {Journal of Physics: Conference Series},
    volume = 1679,
    pages = {022043}
}

@InProceedings{pwa_unified,
	author="Bi{\o}rn-Hansen, Andreas and Majchrzak, Tim A. and Gr{\o}nli, Tor",
	title="Progressive {W}eb {A}pps for the {U}nified {D}evelopment of {M}obile {A}pplications",
	booktitle="Web Information Systems and Technologies",
	year="2018",
	publisher="Springer International Publishing",
	address="Cham",
	pages="64--86",
	isbn="978-3-319-93527-0"
}

@InProceedings{crossplatform_2012,
    title={{A study on approaches to build cross-platform mobile applications and criteria to select appropriate approach}},
    booktitle={{INDICON}},
    author={C. Raj and R. Tolety},
    pages = {625-629},
    year={2012}
}

@article{mobile_web_apps_2013,
    author = {N. Serrano and J. Hernantes and G. Gallardo},
    title = {Mobile {W}eb {A}pps},
    year = 2013,
    journal = {IEEE Software},
    volume = 30,
    pages = {22-27}
}

@InProceedings{serviceworker_efficiency,
    title={{Assessing the Impact of Service Workers on the Energy Efficiency of Progressive Web Apps}},
    booktitle={{MOBILESoft}},
    author={I. Malavolta and G. Procaccianti and P. Noorland and P. Vukmirovic},
    pages = {35-45},
    year={2017}
}

@online{numofapps_in_stores,
    author = {Statista},
    title = {Number of apps available in leading app stores as of 4th quarter 2020},
    year = 2021,
    month = Feb,
    url = {https://www.statista.com/statistics/276623/number-of-apps-available-in-leading-app-stores/},
    addendum = {[accessed 7 April 2021]},
}

@article{resp_web_2011,
    author = {B. S. Gardner},
    title = {Responsive {W}eb {D}esign: {E}nriching the {U}ser {E}xperience},
    year = 2011,
    journal = {Sigma Journal},
    volume = 11,
    pages = {13-19},
    url = {http://www.webdesignblog.gr/wp-content/uploads/2012/03/5.pdf},
    addendum   = {[accessed 7 Apr 2021]},
}

@online{how_to_publish_pwa_in_stores,
    author = {{L. Vu}},
    title = {Publishing PWAs to Major App Stores: The Whys and Hows},
    year = 2021,
    month = Jan,
    url = {https://www.simicart.com/blog/pwa-app-stores/},
    addendum = {[accessed 7 Apr 2021]},
}

@online{mozilla_js,
    author = {MDN},
    title = {JavaScript},
    year = 2021,
    url = {https://developer.mozilla.org/en-US/docs/Web/JavaScript},
    addendum = {[accessed 7 Apr 2021]},
}

@online{workers_html_spec,
    author = {WHATWG},
    title = {HTML Standard: Web Workers},
    year = 2021,
    url = {https://html.spec.whatwg.org/multipage/workers.html},
    addendum = {[accessed 7 Apr 2021]},
}

@online{service_workers_spec,
    author = {W3C},
    title = {Service Workers 1},
    year = 2019,
    month = Nov,
    url = {https://www.w3.org/TR/service-workers/},
    addendum = {[accessed 7 Apr 2021]},
}

@online{mozilla_webmanifest,
    author = {MDN},
    title = {Web app manifests},
    year = 2021,
    url = {https://developer.mozilla.org/en-US/docs/Web/Manifest},
    addendum = {[accessed 8 Apr 2021]},
}

@online{why_https_matters,
    author = {{K. Basques}},
    title = {Why HTTPS matters},
    year = 2020,
    month = Nov,
    url = {https://web.dev/why-https-matters/},
    addendum = {[accessed 8 Apr 2021]},
}

@online{secure_with_https,
    author = {{Google}},
    title = {Secure your site with HTTPS},
    year = 2021,
    month = Mar,
    url = {https://developers.google.com/search/docs/advanced/security/https},
    addendum = {[accessed 1 Jun 2021]},
}

@online{mobile_tech_stacks,
    author = {{R. Furman}},
    title = {A Definitive Overview On Mobile App Technology Stack},
    url = {https://uptech.team/blog/mobile-app-technology-stack},
    addendum = {[accessed 9 Apr 2021]},
}

@online{clutch,
    author = {{Clutch}},
    title = {Top Mobile App Development Companies},
    url = {https://clutch.co/directory/mobile-application-developers},
    addendum = {[accessed 21 Apr 2021]},
}

@online{google_forms,
    author = {{Google}},
    title = {Google Forms},
    url = {https://docs.google.com/forms/},
    addendum = {[accessed 30 Apr 2021]},
}

@online{higher_edu_sweden,
    author = {{Universitetskanslersämbetet}},
    title = {Lista över universitet, högskolor och enskilda utbildningsanordnare},
    year = 2020,
    month = Jun,
    url = {https://www.uka.se/fakta-om-hogskolan/universitet-och-hogskolor/lista-over-universitet-hogskolor-och-enskilda-utbildningsanordnare.html},
    addendum = {[accessed 23 Apr 2021]},
}